
@book{RedBook,
author ="{David Shreiner}",
title = "OpenGL Programming Guide",
year = "2007",
publisher= "Addison-Wesley"
}

@misc{pipeline1,
  title = "Pipeline graphique",
  author = "Pascal Mignot",
  note = "Université de Reims",
  howpublished = {\url{http://mathinfo.univ-reims.fr/image/.../cours/02-Pipeline%20graphique.pdf}},
  year = "2005"
}

@misc{histoirePipeline,
  title = "Programmation GPU",
  author = "Olivier Nocent",
  note = "IUT de Reims",
   howpublished = {\url{http://ufrsciencestech.u-bourgogne.fr/m2via/MGSI/Shaders/gpu.ppt}},
  year = "December 6, 2004"
}

@misc{pipeline2,
  title = "Introduction au pipeline graphique",
  author = "Alain Boucher",
  note = "Université de Reims",
  howpublished = {\url{http://mathinfo.univ-reims.fr/image/siPipeline/Documents/2005-Pipeline%20Graphique.pdf}},
  year = "2005"
}

@misc{pipeline3,
  title = "Synthèse d'images",
  author = "Alain Boucher",
  note = "IFI",
   howpublished = {\url{http://www2.ifi.auf.org/personnel/Alain.Boucher/cours/synthese\_images/03-Affichage.pdf}},
  year = "December 24, 2010"
}

@misc{pipeline4,
  title = "Computer Graphics Rendering Pipeline",
  author = "Département informatique",
  note = "Université de Freiburg",
  howpublished = {\url{http://cg.informatik.uni-freiburg.de/course_notes/graphics_01_pipeline.pdf}},
  year = "December 10, 2012"
}

@misc{historiqueCarte,
  title = "Shader : une introduction",
  author = "Alexandre Topol",
  note = "ENJMIN",
  howpublished = {\url{http://deptinfo.cnam.fr/new/spip.php?pdoc6144}},
  year = "January 01, 2011"
}

@misc{historiqueShader,
  title = "Les shaders dans OpenGL",
  author = "Alexandre Laurent",
  note = "developpez.com",
   howpublished = {\url{http://alexandre-laurent.developpez.com/tutoriels/OpenGL/OpenGL-GLSL/?page=page_1}},
  year = "2011"
}

@misc{shader1,
  title = "Vertex et Pixel shader",
  author = "Alain Boucher",
  note = "Université de Reims",
   howpublished = {\url{http://mathinfo.univ-reims.fr/image/dxShader/cours/07-ShadersASM.pdf}},
  year = "2005"
}

@misc{shader2,
  title = "Shaders",
  author = "Sébastien Thon",
  note = "IUT de Provence",
  howpublished = {\url{http://www.iut-arles.up.univ-mrs.fr/thon/LP/IN\_synthese/LP%20-%20IN%20-%20Chapitre%205%20-%20Shaders.pdf}},
  year = "2012"
}

@misc{shader3,
title = "Les shaders",
author = "Alexandre Topol",
note = "CNAM",
howpublished = {\url{http://deptinfo.cnam.fr/Enseignement/CycleSpecialisation/CAM/sicam6.pdf}},
year = "2004"
}

@misc{OpenGL,
title = "OpenGL",
author = "Joe Groff",
note = "Programmeur à Portland, Oregon, USA",
howpublished = {\url{http://duriansoftware.com/joe/An-intro-to-modern-OpenGL.-Chapter-1:-The-Graphics-Pipeline.html}},
year = "2010"
}

@misc{PdfOpenGL,
title = "OpenGL et Glut",
author = "Edmond Boyer",
note = "Imag",
howpublished = {\url{http://www.ann.jussieu.fr/hecht/ftp/DEA/OpenGL.pdf}},
year = "2010"
}

@misc{VBO,
title = "VBO",
author = "Cyril Doillon",
note = "Forum developpez"
howpublished = {\url{http://www.raptor.developpez.com/tutorial/opengl/vbo/}},
year = "2008"
}