@misc{hi,
  title = "DurianSoftware",
  author = "Joe Groff",
  howpublished = "\url{http://duriansoftware.com/joe/An-intro-to-modern-OpenGL.-Chapter-1:-The-Graphics-Pipeline.html}",
  year = "April 5, 2010"
}